<?xml version="1.0" encoding="UTF-8"?><record xmlns="http://www.loc.gov/MARC21/slim" xmlns:cinclude="http://apache.org/cocoon/include/1.0" xmlns:zs="http://www.loc.gov/zing/srw/">
  <leader>00478nz  a2200145n  4500</leader>
  <controlfield tag="001">no 96040514 </controlfield>
  <controlfield tag="003">DLC</controlfield>
  <controlfield tag="005">19960813052947.1</controlfield>
  <controlfield tag="008">960812n| acannaab|          |a aaa     c</controlfield>
  <datafield tag="010" ind1=" " ind2=" ">
    <subfield code="a">no 96040514 </subfield>
  </datafield>
  <datafield tag="035" ind1=" " ind2=" ">
    <subfield code="a">(OCoLC)oca04138890 </subfield>
  </datafield>
  <datafield tag="040" ind1=" " ind2=" ">
    <subfield code="a">InNd</subfield>
    <subfield code="c">InNd</subfield>
  </datafield>
  <datafield tag="100" ind1="1" ind2="0">
    <subfield code="a">Chesterton, G. K.</subfield>
    <subfield code="q">(Gilbert Keith),</subfield>
    <subfield code="d">1874-1936.</subfield>
    <subfield code="t">Man who was Thursday.</subfield>
    <subfield code="l">German</subfield>
  </datafield>
  <datafield tag="400" ind1="1" ind2="0">
    <subfield code="a">Chesterton, G. K.</subfield>
    <subfield code="q">(Gilbert Keith),</subfield>
    <subfield code="d">1874-1936.</subfield>
    <subfield code="t">Mann, der Donnerstag war</subfield>
  </datafield>
  <datafield tag="670" ind1=" " ind2=" ">
    <subfield code="a">Der Mann, der Donnerstag war, 1961.</subfield>
  </datafield>
</record>